@article{mumfordshah,
  author =       {David Mumford and Jayant Shah},
  title =        {Optimal Approximations by Piecewise Smooth Functions and Associated Variational Problems},
  journal =      {Communications on Pure and Applied Mathematics},
  year =         1989,
  volume =       XLII,
  number =       5,
  pages =        {577â€“685}
}

@article{vega,
	author={S.Morganella  and L.Cerulo and G.Viglietto and M.Ceccarelli},
	journal =      {Bioinformatics},
	title = {VEGA: variational segmentation for copy number detection},
	year = 2010,
	volume =26,
	number=24,
	pages={3020-7}
}

@article{bsmooth,
	author={Kasper D. Hansen and Benjamin Langmead and Rafael A. Irizarry},
	journal =      {Genome Biology},
	title = {Bsmooth : from whole genome bisulfite sequencing reads to differentially methylated regions},
	year = 2012,
	volume =13,
	number=R83
}

@article{largeblocks,
	author={Winston Timp and Hector Bravo and Oliver McDonald and Michael Goggins and Chris Umbricht amd Martha Zeiger and Andrew Feinberg and Rafael Irizarry},
	title={Large hypomethylated blocks as a universal defining epigenetic alteration in human solid tumors},
	journal ={Genome Medicine},
	year=2014,
	volume=6,
	number=61
}
@article{methylseekr,
	author={L Burger and D  Gaidatzis and D Schubeler and MB  Stadler },
	title={Identification of active regulatory regions from DNA methylation data},
	journal ={Nucleic Acids Research},
	year=2013,
	volume=41,
	number=16
}
@article{bedtools,
  title={BEDTools: a flexible suite of utilities for comparing genomic features},
  author={Quinlan, Aaron R and Hall, Ira M},
  journal={Bioinformatics},
  volume={26},
  number={6},
  pages={841--842},
  year={2010},
  publisher={Oxford Univ Press}
}

@article{pmd,
  title={DNA sequence explains seemingly disordered methylation levels in partially methylated domains of mammalian genomes},
  author={Gaidatzis, Dimos and Burger, Lukas and Murr, Rabih and Lerch, Anita and Dessus-Babus, Sophie and Sch{\"u}beler, Dirk and Stadler, Michael B},
  journal={PLoS genetics},
  volume={10},
  number={2},
  pages={e1004143},
  year={2014},
  publisher={Public Library of Science}
}
@article{methyldiff,
  title={A note on exact differences between beta distributions in genomic (Methylation) studies},
  author={Raineri, Emanuele and Dabad, Marc and Heath, Simon},
  journal={PloS one},
  volume={9},
  number={5},
  pages={e97349},
  year={2014},
  publisher={Public Library of Science}
}
